
@misc{rest,
	author={Hesam and Masne, Snehal and Harry and Rajan},
 	title = {{REST API} {T}utorial},
 	howpublished = {\url{https://restfulapi.net/}},
 	note = {Online, Přístup 17.11.2018}
  }


@phdthesis{restThesis,	
	author = {Roy Thomas Fielding},
	title = {Architectural Styles and the Design of Network-based Software Architectures},
	school = {PhD Dissertation, University of California, Irvine},
	howpublished = {\url{https://www.ics.uci.edu/~fielding/pubs/dissertation/rest_arch_style.htm}},
	year = {2000},
	note = {Online, Přístup 17.11.2018}
  }

@book{latex,
	author = {Pavel Satrapa},
	title = {LaTeX pro pragmatiky},
	howpublished = {\url{http://www.nti.tul.cz/~satrapa/docs/latex/}},
	month = September,
	year = 2011,
	pages = {87}
}

@misc{pdf,
	title = {Document management - Portable document format - Part 1: PDF 1.7},
	howpublished = {\url{https://www.adobe.com/content/dam/acom/en/devnet/pdf/PDF32000_2008.pdf}},
	year = 2008
}

@book{furps,
	author = {Bernd Bruegge & Allen H. Dutoit},
	title = {Object-Oriented Software Engineering Using UML, Patterns, and Java},
	month = August,
	year = 2009,
	ISBN = {ISBN 978-0-13-606125-0}
}

@misc{javaee,
	title = {The Java EE 6 Tutorial},
	year = 2013,
	howpublished = {\url{https://docs.oracle.com/javaee/6/tutorial/doc/javaeetutorial6.pdf}}
}

@book{arch,
 title = {Patterns of Enterprise Application Architecture},
 author = {Martin Fowler},
 month = July,
 year = 2011,
 ISBN = {ISBN 0-321-12742-0}
}

@misc{webService,
	title = {Web Service Architecture},
	author = {W3C},
	year = 2004,
	howpublished = {\url{https://www.w3.org/TR/ws-arch/wsa.pdf}}
}
